@MISC{Chen2014cubfitspackage,
  author = {Chen, W.-C. and Gilchrist, M. and Zaretzki, R. and Howell, W.
            and Hewgley, P. and Schmidt, D.},
  title = {{cubfits}: Codon Usage Bias Fits},
  year = {2014},
  note = {{R} Package},
  url = {http://cran.r-project.org/package=cubfits}
}

@MANUAL{Chen2014cubfitsvignette,
  author = {Chen, W.-C. and Gilchrist, M. and Zaretzki, R. and Howell, W.
            and Hewgley, P. and Schmidt, D.},
  title = {A Quick Guide for the {cubfits} package},
  year = {2014},
  note = {{R} Vignette},
  url = {http://cran.r-project.org/package=cubfits}
}

@ARTICLE{Wallace2013,
  author = {Wallace, E.W.J. and Airoldi, E.M. and Drummond, D.A.},
  title = {Estimating Selection on Synonymous Codon Usage from Noisy
           Experimental Data},
  journal = {Mol. Biol. Evol.},
  year = {2013},
  volume = {30},
  number = {6},
  pages = {1438 -- 1453}
}

@ARTICLE{Shah2011,
  author = {Shah, P. and Gilchrist, M.A.},
  title = {Explaining Complex Codon Usage Patterns with Selection for
           Translational Efficiency, Mutation Bias, and Genetic Drift},
  journal = {Proc. Natl. Acad. Sci. U.S.A.},
  year = {2011},
  volume = {108},
  pages = {10231 -- 10236}
}

@ARTICLE{Gilchrist2007,
  author = {Gilchrist, M.A.},
  title = {Combining Models of Protein Translation and Population Genetics to
           Predict Protein Production Rates from Codon Usage Patterns},
  journal = {Mol. Biol. Evol.},
  year = {2007},
  volume = {24},
  pages = {2362 -- 2373}
}

@MANUAL{Gilchrist2014,
  author = {Gilchrist, M.A. and Chen, W.-C. and Zaretzki, R.},
  title = {TBD},
  year = {2014},
  note = {(in preparation)}
}



@Manual{Rcore,
  title        = {R: A Language and Environment for Statistical
                  Computing},
  author       = {{R Core Team}},
  organization = {R Foundation for Statistical Computing},
  address      = {Vienna, Austria},
  year         = 2013,
  url          = {http://www.R-project.org}
}
@InCollection{seqinr,
  author = {D. Charif and J.R. Lobry},
  title = {Seqin{R} 1.0-2: a contributed package to the {R} project for statistical computing devoted to biological sequences retrieval and analysis.},
  booktitle = {Structural approaches to sequence evolution: Molecules, networks, populations},
  year = {2007},
  editor = {U. Bastolla and M. Porto and H.E. Roman and M. Vendruscolo},
  series = {Biological and Medical Physics, Biomedical Engineering},
  pages = {207-232},
  address = {New York},
  publisher = {Springer Verlag},
  note = {{ISBN :} 978-3-540-35305-8},
}
@MISC{VGAM,
  author = {Yee, T.W.},
  title = {{VGAM}: Vector Generalized Linear and Additive Models},
  year = {2013},
  note = {{R} Package version 0.9-3},
  url = {http://CRAN.R-project.org/package=VGAM}
}
@MISC{parallel,
  author = {{R Core Team}},
  title = {{parallel}: Support for Parallel Computation in {R}},
  year = {2012},
  note = {{R} Package}
}
@MISC{Chen2012pbdMPIpackage,
  author = {Chen, W.-C. and Ostrouchov, G. and Schmidt, D. and Patel, P. and
            Yu, H.},
  title = {{pbdMPI}: Programming with Big Data -- Interface to {MPI}},
  year = {2012},
  note = {{R} Package},
  url = {http://cran.r-project.org/package=pbdMPI}
}
@MANUAL{Chen2012pbdMPIvignette,
  author = {Chen, W.-C. and Ostrouchov, G. and Schmidt, D. and Patel, P. and
            Yu, H.},
  title = {A Quick Guide for the {pbdMPI} package},
  year = {2012},
  note = {{R} Vignette},
  url = {http://cran.r-project.org/package=pbdMPI}
}
@BOOK{MPI1994,
  title = {Using {MPI}: Portable Parallel Programming with the Message-Passing
           Interface},
  author = {Gropp, W. and Lusk, E. and Skjellum, A.},
  year = {1994},
  publisher = {Cambridge, MA, USA: MIT Press Scientific And Engineering
               Computation Series}
}
